{
  "timestamp": "2026-04-06T05:17:04.605589",
  "positions": {},
  "trades": {
    "KOMAUSDT": {
      "buy_qty": 459090.0,
      "sell_qty": 459090.0,
      "buy_amount": 4597.46067,
      "sell_amount": 4558.53714,
      "trades": [
        {
          "side": "BUY",
          "qty": 228129.0,
          "price": 0.01013,
          "time": "2026-04-05T23:19:42.975000"
        },
        {
          "side": "SELL",
          "qty": 228129.0,
          "price": 0.01001,
          "time": "2026-04-05T23:40:57.083000"
        },
        {
          "side": "BUY",
          "qty": 98973.0,
          "price": 0.0099,
          "time": "2026-04-05T23:47:40.291000"
        },
        {
          "side": "BUY",
          "qty": 101011.0,
          "price": 0.0099,
          "time": "2026-04-05T23:47:40.291000"
        },
        {
          "side": "BUY",
          "qty": 30977.0,
          "price": 0.0099,
          "time": "2026-04-05T23:47:40.291000"
        },
        {
          "side": "SELL",
          "qty": 230961.0,
          "price": 0.00985,
          "time": "2026-04-05T23:54:30.763000"
        }
      ]
    },
    "DEGOUSDT": {
      "buy_qty": 7609.0,
      "sell_qty": 15466.1,
      "buy_amount": 2286.5045,
      "sell_amount": 4563.93866,
      "trades": [
        {
          "side": "SELL",
          "qty": 7857.1,
          "price": 0.2916,
          "time": "2026-04-05T23:36:33.251000"
        },
        {
          "side": "BUY",
          "qty": 7609.0,
          "price": 0.3005,
          "time": "2026-04-05T23:47:37.851000"
        },
        {
          "side": "SELL",
          "qty": 7609.0,
          "price": 0.2987,
          "time": "2026-04-05T23:54:30.763000"
        }
      ]
    },
    "BROCCOLIF3BUSDT": {
      "buy_qty": 0,
      "sell_qty": 659848.0,
      "buy_amount": 0,
      "sell_amount": 2397.227784,
      "trades": [
        {
          "side": "SELL",
          "qty": 659848.0,
          "price": 0.003633,
          "time": "2026-04-05T23:54:30.762000"
        }
      ]
    },
    "ONUSDT": {
      "buy_qty": 0,
      "sell_qty": 29679.0,
      "buy_amount": 0,
      "sell_amount": 2515.59204,
      "trades": [
        {
          "side": "SELL",
          "qty": 29679.0,
          "price": 0.08476,
          "time": "2026-04-05T23:54:30.779000"
        }
      ]
    },
    "SIRENUSDT": {
      "buy_qty": 17177.0,
      "sell_qty": 17177.0,
      "buy_amount": 9351.12316,
      "sell_amount": 9352.532959999999,
      "trades": [
        {
          "side": "BUY",
          "qty": 8408.0,
          "price": 0.54377,
          "time": "2026-04-06T00:34:46.148000"
        },
        {
          "side": "BUY",
          "qty": 8769.0,
          "price": 0.545,
          "time": "2026-04-06T00:51:03.683000"
        },
        {
          "side": "SELL",
          "qty": 17177.0,
          "price": 0.54448,
          "time": "2026-04-06T00:55:22.159000"
        }
      ]
    },
    "AIOTUSDT": {
      "buy_qty": 428303.0,
      "sell_qty": 428303.0,
      "buy_amount": 14208.8528,
      "sell_amount": 14053.2535,
      "trades": [
        {
          "side": "BUY",
          "qty": 142344.0,
          "price": 0.0322,
          "time": "2026-04-06T00:34:49.199000"
        },
        {
          "side": "SELL",
          "qty": 142344.0,
          "price": 0.0328,
          "time": "2026-04-06T00:45:11.027000"
        },
        {
          "side": "BUY",
          "qty": 138900.0,
          "price": 0.0333,
          "time": "2026-04-06T00:46:55.207000"
        },
        {
          "side": "SELL",
          "qty": 138900.0,
          "price": 0.034,
          "time": "2026-04-06T00:53:08.615000"
        },
        {
          "side": "BUY",
          "qty": 147059.0,
          "price": 0.034,
          "time": "2026-04-06T01:29:41.347000"
        },
        {
          "side": "SELL",
          "qty": 147059.0,
          "price": 0.0317,
          "time": "2026-04-06T03:22:51.066000"
        }
      ]
    },
    "BTCUSDT": {
      "buy_qty": 0.0073,
      "sell_qty": 0.0073,
      "buy_amount": 491.56960999999995,
      "sell_amount": 491.58003,
      "trades": [
        {
          "side": "BUY",
          "qty": 0.0015,
          "price": 67355.4,
          "time": "2026-04-06T00:51:18.287000"
        },
        {
          "side": "SELL",
          "qty": 0.0015,
          "price": 67389.8,
          "time": "2026-04-06T00:51:22.239000"
        },
        {
          "side": "BUY",
          "qty": 0.0015,
          "price": 67300.0,
          "time": "2026-04-06T01:10:22.363000"
        },
        {
          "side": "SELL",
          "qty": 0.0015,
          "price": 67288.6,
          "time": "2026-04-06T01:10:26.925000"
        },
        {
          "side": "SELL",
          "qty": 0.0043,
          "price": 67340.1,
          "time": "2026-04-06T05:09:46.611000"
        },
        {
          "side": "BUY",
          "qty": 0.0043,
          "price": 67345.7,
          "time": "2026-04-06T05:16:27.771000"
        }
      ]
    },
    "DASHUSDT": {
      "buy_qty": 21.516,
      "sell_qty": 21.516000000000002,
      "buy_amount": 643.75532,
      "sell_amount": 642.6262200000001,
      "trades": [
        {
          "side": "BUY",
          "qty": 7.172,
          "price": 29.92,
          "time": "2026-04-06T05:05:02.863000"
        },
        {
          "side": "SELL",
          "qty": 5.282,
          "price": 29.89,
          "time": "2026-04-06T05:06:49.195000"
        },
        {
          "side": "BUY",
          "qty": 0.002,
          "price": 29.9,
          "time": "2026-04-06T05:10:59.023000"
        },
        {
          "side": "BUY",
          "qty": 0.168,
          "price": 29.9,
          "time": "2026-04-06T05:10:59.023000"
        },
        {
          "side": "BUY",
          "qty": 7.002,
          "price": 29.92,
          "time": "2026-04-06T05:10:59.023000"
        },
        {
          "side": "BUY",
          "qty": 7.172,
          "price": 29.92,
          "time": "2026-04-06T05:11:34.839000"
        },
        {
          "side": "SELL",
          "qty": 16.234,
          "price": 29.86,
          "time": "2026-04-06T05:16:27.751000"
        }
      ]
    },
    "BNBUSDT": {
      "buy_qty": 5.76,
      "sell_qty": 5.76,
      "buy_amount": 3409.3439999999996,
      "sell_amount": 3409.2,
      "trades": [
        {
          "side": "SELL",
          "qty": 2.88,
          "price": 591.85,
          "time": "2026-04-06T05:05:39.187000"
        },
        {
          "side": "SELL",
          "qty": 2.88,
          "price": 591.9,
          "time": "2026-04-06T05:11:00.027000"
        },
        {
          "side": "BUY",
          "qty": 5.76,
          "price": 591.9,
          "time": "2026-04-06T05:16:27.739000"
        }
      ]
    },
    "ATOMUSDT": {
      "buy_qty": 7.17,
      "sell_qty": 7.17,
      "buy_amount": 11.99541,
      "sell_amount": 11.98107,
      "trades": [
        {
          "side": "BUY",
          "qty": 7.17,
          "price": 1.673,
          "time": "2026-04-06T05:07:24.163000"
        },
        {
          "side": "SELL",
          "qty": 7.17,
          "price": 1.671,
          "time": "2026-04-06T05:16:27.771000"
        }
      ]
    },
    "ETHUSDT": {
      "buy_qty": 0.14,
      "sell_qty": 0.14,
      "buy_amount": 288.6772,
      "sell_amount": 288.5862,
      "trades": [
        {
          "side": "SELL",
          "qty": 0.14,
          "price": 2061.33,
          "time": "2026-04-06T05:07:25.719000"
        },
        {
          "side": "BUY",
          "qty": 0.14,
          "price": 2061.98,
          "time": "2026-04-06T05:16:27.731000"
        }
      ]
    },
    "ETCUSDT": {
      "buy_qty": 250.14000000000001,
      "sell_qty": 250.14,
      "buy_amount": 2151.7874899999997,
      "sell_amount": 2151.4567100000004,
      "trades": [
        {
          "side": "BUY",
          "qty": 83.4,
          "price": 8.6,
          "time": "2026-04-06T05:08:00.691000"
        },
        {
          "side": "BUY",
          "qty": 83.39,
          "price": 8.601,
          "time": "2026-04-06T05:10:22.784000"
        },
        {
          "side": "BUY",
          "qty": 83.35,
          "price": 8.606,
          "time": "2026-04-06T05:12:44.275000"
        },
        {
          "side": "SELL",
          "qty": 0.61,
          "price": 8.602,
          "time": "2026-04-06T05:16:27.731000"
        },
        {
          "side": "SELL",
          "qty": 0.62,
          "price": 8.602,
          "time": "2026-04-06T05:16:27.731000"
        },
        {
          "side": "SELL",
          "qty": 0.66,
          "price": 8.602,
          "time": "2026-04-06T05:16:27.731000"
        },
        {
          "side": "SELL",
          "qty": 0.68,
          "price": 8.602,
          "time": "2026-04-06T05:16:27.731000"
        },
        {
          "side": "SELL",
          "qty": 247.57,
          "price": 8.601,
          "time": "2026-04-06T05:16:27.731000"
        }
      ]
    },
    "XRPUSDT": {
      "buy_qty": 499.3,
      "sell_qty": 499.3,
      "buy_amount": 648.9402100000001,
      "sell_amount": 648.5907,
      "trades": [
        {
          "side": "SELL",
          "qty": 499.3,
          "price": 1.299,
          "time": "2026-04-06T05:12:09.863000"
        },
        {
          "side": "BUY",
          "qty": 499.3,
          "price": 1.2997,
          "time": "2026-04-06T05:16:27.771000"
        }
      ]
    }
  },
  "discrepancies": [],
  "sync_status": "SYNCED"
}